@book{solminihac2005,
  title={Procesos y t{\'e}cnicas de construcci{\'o}n},
  author={De Solminihac, Hern{\'a}n},
  year={2005},
  publisher={Ediciones UC}
}


@book{menezes2016,
  title={Introdu{\c{c}}{\~a}o {\`a} programa{\c{c}}{\~a}o com Python--2{\textordfeminine} edi{\c{c}}{\~a}o: Algoritmos e l{\'o}gica de programa{\c{c}}{\~a}o para iniciantes},
  author={Menezes, Nilo Ney Coutinho},
  year={2016},
  publisher={Novatec Editora}
}


@article{gonzalez2014python,
  title={Python para todos},
  author={Gonz{\'a}lez Duque, Ra{\'u}l},
  journal={Creative Commons Reconocimiento},
  volume={2},
  year={2014}
}


@book{harwani2011,
  title={Introduction to Python programming and developing GUI applications with PyQT},
  author={Harwani, BM},
  year={2011},
  publisher={Nelson Education}
}

@book{lukaszewski2010,
  title={MySQL for Python},
  author={Lukaszewski, Albert and Reynolds, Antony},
  year={2010},
  publisher={Packt Publishing Ltd}
}


@book{owens2010,
  title={SQLite},
  author={Owens, Mike and Allen, Grant},
  year={2010},
  publisher={Springer}
}


@book{laster2016,
  title={Professional Git},
  author={Laster, Brent},
  year={2016},
  publisher={John Wiley \& Sons}
}
